<?xml version="1.0" encoding="UTF-8"?><record xmlns="http://www.loc.gov/MARC21/slim" xmlns:cinclude="http://apache.org/cocoon/include/1.0" xmlns:zs="http://www.loc.gov/zing/srw/">
  <leader>00822nz  a2200229n  4500</leader>
  <controlfield tag="001">no2011080761</controlfield>
  <controlfield tag="003">DLC</controlfield>
  <controlfield tag="005">20110526075146.0</controlfield>
  <controlfield tag="008">110524n| acabaaaan          |a aaa     c</controlfield>
  <datafield tag="010" ind1=" " ind2=" ">
    <subfield code="a">no2011080761</subfield>
  </datafield>
  <datafield tag="035" ind1=" " ind2=" ">
    <subfield code="a">(OCoLC)oca08865062</subfield>
  </datafield>
  <datafield tag="040" ind1=" " ind2=" ">
    <subfield code="a">OCoLC</subfield>
    <subfield code="b">eng</subfield>
    <subfield code="c">OCoLC</subfield>
  </datafield>
  <datafield tag="100" ind1="1" ind2=" ">
    <subfield code="a">Instone-Brewer, David.</subfield>
    <subfield code="t">Traditions of the Rabbis from the era of the New Testament</subfield>
  </datafield>
  <datafield tag="430" ind1=" " ind2="0">
    <subfield code="a">Traditions of the Rabbis from the era of the New Testament</subfield>
  </datafield>
  <datafield tag="400" ind1="1" ind2=" ">
    <subfield code="a">Instone-Brewer, David.</subfield>
    <subfield code="t">T.R.E.N.T.</subfield>
  </datafield>
  <datafield tag="641" ind1=" " ind2=" ">
    <subfield code="a">Numbering begins with v. 1, published in 2004</subfield>
  </datafield>
  <datafield tag="642" ind1=" " ind2=" ">
    <subfield code="a">v. 2A</subfield>
    <subfield code="5">DPCC</subfield>
    <subfield code="5">OCoLC</subfield>
  </datafield>
  <datafield tag="643" ind1=" " ind2=" ">
    <subfield code="a">Grand Rapids, Mich.</subfield>
    <subfield code="b">Eerdmans</subfield>
  </datafield>
  <datafield tag="644" ind1=" " ind2=" ">
    <subfield code="a">f</subfield>
    <subfield code="5">OCoLC</subfield>
  </datafield>
  <datafield tag="645" ind1=" " ind2=" ">
    <subfield code="a">t</subfield>
    <subfield code="5">DPCC</subfield>
    <subfield code="5">OCoLC</subfield>
  </datafield>
  <datafield tag="646" ind1=" " ind2=" ">
    <subfield code="a">s</subfield>
    <subfield code="5">OCoLC</subfield>
  </datafield>
  <datafield tag="670" ind1=" " ind2=" ">
    <subfield code="a">Feasts and sabbaths, 2011:</subfield>
    <subfield code="b">ser t.p. (Traditions of the Rabbis from the era of the New Testament ; T.R.E.N.T)</subfield>
  </datafield>
</record>